@article{hostheader,
author = {Hutcheson, Marnie},
title = {What Is A Host Header?},
year = {1999},
journal = {http://windowsitpro.com/development/what-host-header},
note = {Retrieved on May 18, 2015},
}

@article{hostheader2,
author = {Gafvert, Kristofer},
title = {Understanding Host Headers in IIS},
year = {2006},
journal = {http://www.it-notebook.org/iis/article/understanding\_host\_headers.htm},
note = {Retrieved on May 18, 2015},
}

@article{hostheader3,
author = {Kettle, James},
title = {practical HTTP Host Header Attacks},
year = {2013},
journal = {http://www.skeletonscribe.net/2013/05/practical-http-host-header-attacks.html},
note = {Retrieved on May 18, 2015},
}

@article{CSRF,
author = {Auger, Robert},
title = {The Cross-Site Request Forgery (CSRF/XSRF) FAQ },
year = {2010},
journal = {http://www.cgisecurity.com/csrf-faq.html},
note = {Retrieved on May 18, 2015},
}

@article{CSRF2,
author = {Acunetix},
title = {CSRF Attacks, XSRF or Sea-Surf â€“ What They Are and How to Defend Against Them},
year = {2015},
journal = {https://www.acunetix.com/websitesecurity/csrf-attacks/},
note = {Retrieved on May 18, 2015},
}

@article{CSRF3,
author = {Hartikainen, Jani},
title = {How to protect all your forms},
year = {2008},
journal = {http://codeutopia.net/blog/2008/10/16/how-to-csrf-protect-all-your-forms/},
note = {Retrieved on May 18, 2015},
}